% This file was created with JabRef 2.6.
% Encoding: UTF-8

@ARTICLE{sample01,
  author = {Robert Grandin},
  title = {Sample Source},
  year = {2011},
  owner = {rgrandin},
  timestamp = {2011.01.26}
}

@comment{jabref-meta: selector_publisher:}

@comment{jabref-meta: selector_author:}

@comment{jabref-meta: selector_journal:}

@comment{jabref-meta: selector_keywords:}

